
%%%%%%%%%%%%%%%%%%%%%%%%%%%%%%%%%%%%%%%%%%%%%%%%%%%%%%%%%%%%%%%%%%%%%%%%%%%%%%%%%%%%%%%%%%%%%%%%%%%%%%%%%%%%%%
% Article:
% Bootstrap Inference for the Area Under the ROC Curve
% Bibliography
%%%%%%%%%%%%%%%%%%%%%%%%%%%%%%%%%%%%%%%%%%%%%%%%%%%%%%%%%%%%%%%%%%%%%%%%%%%%%%%%%%%%%%%%%%%%%%%%%%%%%%%%%%%%%%%



%%%%%%%%%%%%%%%%%%%%%%%%%%%%%%%%%%%%%%%%%%%%%%%%%%%%%%%%%%%%%%%%%%%%%%%%%%%%%%%%%%%%%%%%%%%%%%%%%%%%%%%%%%%%%%%
% ROC Curve and AUROC
%%%%%%%%%%%%%%%%%%%%%%%%%%%%%%%%%%%%%%%%%%%%%%%%%%%%%%%%%%%%%%%%%%%%%%%%%%%%%%%%%%%%%%%%%%%%%%%%%%%%%%%%%%%%%%%



@article{peterson1954,
   author = {Peterson, W, Birdsall, T. and Fox, W.},
   title = {The theory of signal detectability},
   journal = {IRE Professional Group on Information Theory},
   volume = {4},
   number = {4},
   year = {1954},
   pages = {171-212}
}


@article{vanmeter1954,
   author = {Van Meter, D. and Middleton, D.},
   title = {Modern statistical approaches to reception in communication theory},
   journal = {IRE Professional Group on Information Theory},
   volume = {4},
   number = {4},
   year = {1954},
   pages = {119-145}
}


@article{wald1949,
   author = {Wald, A.},
   title = {Statistical Decision Functions},
   journal = {The Annals of Mathematical Statistics},
   volume = {},
   number = {},
   year = {1949},
   pages = {165-205}
}


@article{hanley1989,
   author = {Hanley, J.},
   title = {Receiver operating characheristic (ROC) methodology: the state of the art},
   journal = {Critical Reviews in Diagnostic Imaging},
   volume = {29},
   number = {3},
   year = {1989},
   pages = {307}
}





@article{cortezMohri2004,
   author = {Cortes, C and Mohri, M.},
   title = {Confidence Intervals for the Area under the ROC Curve},
   journal = {Advances in Neural Information Processing Systems},
   volume = {17},
   year = {2004},
   pages = {305-312}
}


@article{demidenko2012,
   author = {Demidenko, E.},
   title = {Confidence intervals and bands for the binormal ROC curve revisited},
   journal = {Journal of Applied Statistics},
   volume = {39},
   year = {2012},
   pages = {67-79}
}


@article{hanleymcneil1982,
   author = {Hanley, J. and McNeil, B.},
   title = {The Meaning and Use of the Area under a Receiver Operating (ROC) Curve},
   journal = {Radiology},
   volume = {143},
   year = {1982},
   pages = {29-36}
}


@article{hanleymcneil1983,
   author = {Hanley, J. and McNeil, B.},
   title = {A Method of Comparing the Areas under Receiver Operating Characteristic Curves Derived from the Same Cases},
   journal = {Radiology},
   volume = {148},
   year = {1983},
   pages = {839-843}
}


@article{sunxu2014,
   author = {Sun, X. and Xu, W.},
   title = {Fast Implementation of Delong's Algorithm for Comparing the Areas under Correlated Receiver Operating Characteristic Curves},
   journal = {IEEE Signal Processing Letters},
   volume = {},
   year = {2014},
   month = {November},
   pages = {}
}


@article{delong1988,
   author = {DeLong, E., DeLong, D. and Clarke-Pearson, D.},
   title = {Comparing the Areas under Two or More Correlated Receiver Operating Characteristic Curves: A Nonparametric Approach},
   journal = {Biometrics},
   volume = {},
   year = {1988},
   month = {},
   pages = {837-845}
}


@Article{proc2011,
    title = {pROC: an open-source package for R and S+ to analyze and compare ROC curves},
    author = {Xavier Robin and Natacha Turck and Alexandre Hainard and
      Natalia Tiberti and Frédérique Lisacek and Jean-Charles Sanchez
      and Markus Müller},
    year = {2011},
    journal = {BMC Bioinformatics},
    volume = {12},
    pages = {77},
}


@Article{birn1957,
    author = {Birnbaum, Z. and Klose, O.},
    title = {Bounds for the Variance of the Mann-Whitney Statistic},
    year = {1957},
    journal = {Annals of Mathemtical Statistics},
    volume = {38},
    pages = {},
}


@Article{vandan1915,
    author = {Van Dantzig, D.},
    title = {On the Consistency and Power of Wilcoxon's Two Sample Test},
    year = {1945},
    journal = {Koninklijke Nederlandse Akademie van Wetershappen, Series A},
    volume = {54},
    pages = {},
}


@Article{wilcoxon1945,
    author = {Wilcoxon, Frank},
    title = {Individual comparisons by ranking methods},
    year = {1945},
    journal = {Biometrics Bulletin},
    volume = {1},
    number = {6},
    pages = {80–83},
}

%%%%%%%%%%%%%%%%%%%%%%%%%%%%%%%%%%%%%%%%%%%%%%%%%%%%%%%%%%%%%%%%%%%%%%%%%%%%%%%%%%%%%%%%%%%%%%%%%%%%%%%%%%%%%%%
% Somers' d and Gini Index
%%%%%%%%%%%%%%%%%%%%%%%%%%%%%%%%%%%%%%%%%%%%%%%%%%%%%%%%%%%%%%%%%%%%%%%%%%%%%%%%%%%%%%%%%%%%%%%%%%%%%%%%%%%%%%%

@article{newson2006,
   author = {Newson, R.},
   title = {Confidence intervals for rank statistics: Somers' D and extensions},
   journal = {The Stata Journal},
   volume = {6},
   number = {3},
   year = {2006},
   pages = {309-334}
}


@article{somers1962,
   author = {Somers, R. H.},
   title = {A new asymmetric measure of association for ordinal variables},
   journal = {American Sociological Review},
   volume = {27},
   year = {1962},
   pages = {799-811}
}

@Book{kendall1990,
  author = {Kendall, M. and Gibbons, J.},
  title = {Rank Correlation Methods},
  publisher = {Arnold},
  year = {1990},
  address = {London}
}


@TechReport{davidson2008,
  author={Davidson, R.},
  title={Reliable Inference for the Gini Index},
  year=2008,
  month=October,
  institution={Department of Economics and CIREQ, McGill University},
  type={},
  url={},
  keywords={},
  doi={},
}


%%%%%%%%%%%%%%%%%%%%%%%%%%%%%%%%%%%%%%%%%%%%%%%%%%%%%%%%%%%%%%%%%%%%%%%%%%%%%%%%%%%%%%%%%%%%%%%%%%%%%%%%%%%%%%%
% Non-parametric Statistics
%%%%%%%%%%%%%%%%%%%%%%%%%%%%%%%%%%%%%%%%%%%%%%%%%%%%%%%%%%%%%%%%%%%%%%%%%%%%%%%%%%%%%%%%%%%%%%%%%%%%%%%%%%%%%%%


@Book{lehmann2006,
  author = {Lehmann, E. and D'Abrera, H.},
  title = {Nonparametrics: statistical methods based on ranks},
  publisher = {Springer},
  year = {2006},
  address = {New York, NY}
}


@article{mannwhitney1947,
   author = {Mann, H. and Whitney, D.},
   title = {On a test of whether one of two random variables is stochastically larger than the other},
   journal = {The Annals of Mathematical Statistics},
   volume = {18},
   number = {1},
   year = {1947},
   pages = {50-60}
}


@article{bamber1975,
   author = {Bamber, D.},
   title = {The area above the ordinal dominance graph and the area below the receiver operating characteristic graph},
   journal = {Journal of Mathematical Psychology},
   volume = {12},
   number = {12},
   year = {1947},
   pages = {387-415}
}



%%%%%%%%%%%%%%%%%%%%%%%%%%%%%%%%%%%%%%%%%%%%%%%%%%%%%%%%%%%%%%%%%%%%%%%%%%%%%%%%%%%%%%%%%%%%%%%%%%%%%%%%%%%%%%%
% Distances between Distributions
%%%%%%%%%%%%%%%%%%%%%%%%%%%%%%%%%%%%%%%%%%%%%%%%%%%%%%%%%%%%%%%%%%%%%%%%%%%%%%%%%%%%%%%%%%%%%%%%%%%%%%%%%%%%%%%


@article{chernofflehmann1954,
   author = {Chernoff, H. and Lehmann, E.},
   title = {The Use of Maximum Likelihood Estimates in Chi-squared Tests for Goodness of Fit},
   journal = {The Annals of Mathematical Statistics},
   volume = {25},
   number = {3},
   year = {1954},
   pages = {579-586}
}


@article{kullbackliebler1951,
  added-at = {2010-10-31T19:59:47.000+0100},
  author = {Kullback, S. and Leibler, R. A.},
  biburl = {https://www.bibsonomy.org/bibtex/2560a5719c537c5c4a496bfebd4a21603/lee_peck},
  description = {Kullback , Leibler : On Information and Sufficiency},
  interhash = {f9d41d76a07383cca4c3a1a94c24d533},
  intrahash = {560a5719c537c5c4a496bfebd4a21603},
  journal = {Ann. Math. Statist.},
  keywords = {51 Kullback Leibler divergence kl},
  number = 1,
  pages = {79-86},
  timestamp = {2010-10-31T19:59:47.000+0100},
  title = {On Information and Sufficiency},
  volume = 22,
  year = 1951
}


@inbook{bigi2003chapter,
author = {Bigi, B.},
chapter = {Using Kullback-Leibler Distance for Text Categorization},
pages={305-319},
crossref = {sebastiani2003book}
}

@book{sebastiani2003book,
editor = {Sebastiani, F.},
title      = {Advances in Information Retrieval: 25th European Conference on IR Research, ECIR 2003},
booktitle = {Advances in Information Retrieval: 25th European Conference on IR Research, ECIR 2003},
publisher = {Springer-Verlag},
address = {New York},
year = 2003
}


%%%%%%%%%%%%%%%%%%%%%%%%%%%%%%%%%%%%%%%%%%%%%%%%%%%%%%%%%%%%%%%%%%%%%%%%%%%%%%%%%%%%%%%%%%%%%%%%%%%%%%%%%%%%%%%
% Asymptotic Theory
%%%%%%%%%%%%%%%%%%%%%%%%%%%%%%%%%%%%%%%%%%%%%%%%%%%%%%%%%%%%%%%%%%%%%%%%%%%%%%%%%%%%%%%%%%%%%%%%%%%%%%%%%%%%%%%


@Book{amemiya1985,
  author = {Amemiya, T.},
  title = {Advanced Econometrics},
  publisher = {Harvard University Press},
  year = {1985},
  address = {Cambridge, MA}
}




%%%%%%%%%%%%%%%%%%%%%%%%%%%%%%%%%%%%%%%%%%%%%%%%%%%%%%%%%%%%%%%%%%%%%%%%%%%%%%%%%%%%%%%%%%%%%%%%%%%%%%%%%%%%%%%
% Examples
%%%%%%%%%%%%%%%%%%%%%%%%%%%%%%%%%%%%%%%%%%%%%%%%%%%%%%%%%%%%%%%%%%%%%%%%%%%%%%%%%%%%%%%%%%%%%%%%%%%%%%%%%%%%%%%


%@Book{conttank2003,
%  author = {Cont, R. and Tankov, P.},
%  title = {Financial Modelling with Jump Processes},
%  publisher = {Chapman and Hall},
%  year = {2003},
%  address = {New York, NY}
%}
%
%
%@article{block1994,
%   author = {Politis, D.N. and Romano, J.P.},
%   title = {The Stationary Bootstrap},
%   journal = {Journal of the American Statistical Association},
%   volume = {89},
%   year = {1994}
%   pages = {1303-1313}
%}

%%%%%%%%%%%%%%%%%%%%%%%%%%%%%%%%%%%%%%%%%%%%%%%%%%%%%%%%%%%%%%%%%%%%%%%%%%%%%%%%%%%%%%%%%%%%%%%%%%%%%%%%%%%%%%%
%%%%%%%%%%%%%%%%%%%%%%%%%%%%%%%%%%%%%%%%%%%%%%%%%%%%%%%%%%%%%%%%%%%%%%%%%%%%%%%%%%%%%%%%%%%%%%%%%%%%%%%%%%%%%%%
